<record><leader>00000cas a22000007a 4500</leader><controlfield tag="001">20500092</controlfield><controlfield tag="008">891017c19859999pauwr ne      0    0eng d</controlfield><datafield ind1=" " ind2=" " tag="010"><subfield code="a">sn 90069033 </subfield></datafield><datafield ind1=" " ind2=" " tag="040"><subfield code="a">NPH</subfield><subfield code="b">eng</subfield><subfield code="c">NPH</subfield><subfield code="d">OCLCQ</subfield></datafield><datafield ind1=" " ind2=" " tag="042"><subfield code="a">msc</subfield></datafield><datafield ind1="0" ind2="0" tag="245"><subfield code="a">Middletown shopper.</subfield></datafield><datafield ind1=" " ind2=" " tag="260"><subfield code="a">Mount Joy, Pa. :</subfield><subfield code="b">Alvin Engle Associates,</subfield><subfield code="c">1985-</subfield></datafield><datafield ind1=" " ind2=" " tag="300"><subfield code="a">v. :</subfield><subfield code="b">ill. ;</subfield><subfield code="c">43 cm.</subfield></datafield><datafield ind1=" " ind2=" " tag="310"><subfield code="a">Weekly</subfield></datafield><datafield ind1="0" ind2=" " tag="362"><subfield code="a">Vol. 1, no. 1 (Mar. 6, 1985)-</subfield></datafield><datafield ind1=" " ind2=" " tag="752"><subfield code="a">United States</subfield><subfield code="b">Pennsylvania</subfield><subfield code="c">Lancaster</subfield><subfield code="d">Mount Joy.</subfield></datafield><datafield ind1=" " ind2=" " tag="752"><subfield code="a">United States</subfield><subfield code="b">Pennsylvania</subfield><subfield code="c">Cumberland</subfield><subfield code="d">Camp Hill.</subfield></datafield><datafield ind1="0" ind2=" " tag="775"><subfield code="t">Carlisle Shopper</subfield><subfield code="w">(DLC)sn 90069032</subfield></datafield><datafield ind1="0" ind2=" " tag="775"><subfield code="t">East Shore shopper</subfield><subfield code="w">(DLC)sn 90069031</subfield></datafield><datafield ind1="0" ind2=" " tag="775"><subfield code="t">West Shore shopper</subfield><subfield code="w">(DLC)sn 79002795</subfield></datafield></record>